@misc{ turner1,
       author = "Turner,Steve ",
       title = "First- and Second-Trimester Fetal Size and Asthma Outcomes at Age 10 Years",
       year = "2011" }

@misc{ turner2,
       author = "Turner,Steve and Prabhu,Nanda and Danielian,Peter and McNeill,Geraldine",
       title = "Perinatal Programming of Childhood Asthma: Early Fetal Size, Growth Trajectory during Infancy, and Childhood Asthma Outcomes",
       year = "2011" }

@misc{ turner3,
       author = "Turner,Steve and Devereux,Graham",
       title = "Fetal Ultrasound: Shedding Light or Casting Shadows on the Fetal Origins of Airway Disease",
       year = "2012" }

@misc{ generation-r,
       author = "PhD thesis Dr. Agnes Sonnenschein-van der Voort",
       title = "Fetal and infant origins of childhood asthma",
       year = "2014" }

@misc{ luccia1,
       author = "Bochicchio Mario, Vaira Lucia, Longo Antonella, Malvasi Antonio, Tinelli Andrea",
       title = "FPGT: An Online System for Customized Fetal and Pediatric Growth Tracking",
       year = "2014" }

@misc{ luccia2,
       author = "Andrea Tinelli, Mario Alessandro Bochicchio, Lucia Vaira, Antonio Malvasi",
       title = "Ultrasonographic Fetal Growth Charts: An Informatic Approach by Quantitative Analysis of the Impact of Ethnicity on Diagnoses Based on a Preliminary Report on Salentinian Population",
       year = "2014" }

@misc{ luccia3,
       author = "Vaira,Luccia",
       title = "Quantitative Fetal Growth Curves Comparison: a Collaborative Approach",
       year = "2014" }

@misc{ luccia4,
       author = "Vaira, Luccia and Bochicchio,Mario",
       title = "Are static fetal growth charts still suitable for diagnostic purposes?",
       year = "2014" }

@misc{ generation-r2,
       author = "PhD thesis Dr. Esther Hafkamp-de Groen",
       title = "Asthma symptoms in early childhood: a public health perspective",
       year = "2014" }

@misc{ imp-default,
       author = "Hastie, Trevor and Tibshirani, Robert and Narasinhan, Balasubramanian and Chu, Gilbert",
       title = "impute: Imputation for microarray data",
       year = "2015" }

@misc{ imp-mean,
       author = "Gelman,Andrew and Hill, Jennifer",
       title = "Data Analysis Using Regression and Multilevel/Hierarchical Models",
       year = "" }

@misc{ imp-mi,
       author = "Gelman,Andrew and Hill,Jennifer and Su, Yu-Sung",
       title = "Missing Data Imputation and Model Checking",
       year = "2015" }

@misc{ imp-mice,
       author = "van Buuren,Stef and Groothuis-Oudshoorn,Karin and Robitzsch,ALexander",
       title = "Multivariate Imputation by Chain Equations",
       year = "2015" }

@misc{ clust-cluster,
       author = "Maecchler,Martin and Rousseeruw, Peter",
       title = "Cluster Analysis Extended",
       year = "2015" }

@misc{ clust-cclust,
       author = "Dimitriadou, Evgenia and Hornik,Kurt",
       title = "Convex Clustering Methods and Clustering Indexes",
       year = "2015" }

@misc{ clust-fclust,
       author = "Giordani,Paolo and Ferraro,Maria",
       title = "Fuzzy Clustering",
       year = "2015" }

@misc{ clust-mclust,
       author = "Fraley,Chris and Raftery,Adrian E. and Scrucca,Luca",
       title = "Normal Mixture Modelling for Model-Based Clustering",
       year = "2015" }

@misc{ ,
       author = "",
       title = "",
       year = "" }














