@misc{haskellPSO,
  author = {Rabanal, Pablo and Rod√≠guez, Ismael and Rubio, Fernando},
  title = {A Functional Approach to Parallelize Particle Swarm Optimization},
  howpublished = {\url{http://antares.sip.ucm.es/prabanal/english/heuristics_library.html}},
  note = {Accessed: February,2014}
}

@misc{sublime,
  author = {Skinner, Jon},
  howpublished = {\url{http://www.sublimetext.com}},
  note = {Accessed: 17,February,2014}
}

@misc{efficient_frontier,
  author = {Risk Scientist},
  howpublished = {\url{http://www.riskscientist.com/content/technologies-portfolio-optimization-theory.html}},
  note = {Accessed: 4,April,2014}
}

@misc{list_comp,
  author = {Wikipedia},
  howpublished = {\url{http://en.wikipedia.org/wiki/List_comprehension}},
  note = {Accessed: 30,April,2014}
}

@misc{portfolio,
  author = {Wikipedia},
  howpublished = {\url{http://en.wikipedia.org/wiki/Portfolio_(finance)}},
  note = {Accessed: 18,April,2014}
}

@misc{diversification,
  author = {Wikipedia},
  howpublished = {\url{http://en.wikipedia.org/wiki/Diversification_(finance)}},
  note = {Accessed: 21,April,2014}
}

@misc{diversification_2,
  author = {Petrov, Krassimir},
  title = {Financial Institutions, Lecture 05},
  howpublished = {\url{http://www.youtube.com/watch?v=ntNf5qwrq2c}},
  note = {Accessed: 21,April,2014}
}

@misc{pareto,
  author = {Wikipedia},
  howpublished = {\url{http://en.wikipedia.org/wiki/Portfolio_(finance)}},
  note = {Accessed: 8,April,2014}
}

@INPROCEEDINGS{constraint, 
  author={Coello, Carlos A.C.}, 
  booktitle={Computer Methods in Applied Mechanics and Engineering}, 
  title={Theoretical and Numerical Constraint-Handling Techniques used with Evolutionary Algorithms: A Survey of the State of the Art}, 
  year={2002},
  pages={1245-1287},
}

@misc{hill,
  title = {Combinators for Local Search In Haskell},
  author = {Senington,Richard and Duke,David},
  year = {2010}
}

@misc{hill2,
  author = {Hill-climbing Search},
  title = {Selman, Bart and Gomes, P.C.},
  year = {2004}
}

@misc{hill3,
  author = {Iterative Improvement Search Hill Climbing, Simulated Annealing, WALKSAT, and Genetic Algorithms},
  title = {Moore, Andrew},
  year = {2009}
}


@misc{moea,
  author = {Anagnostopoulos, Konstantinos P. and Mamanis, Georgios},
  title = {Multiobjective evolutionary algorithms for complex portfolio optimization problems},
  year = {2009}
}

@misc{eden,
  author = {Loogen, R. and Otega-Mallen, Y. and Rubio, F. and Pena, R.},
  title = {Parallelism abstractions in Eden},
  year = {2002},
}

@misc{eden2,
  author = {Hidalgo-Herrero, M. and Otega-Mallen, Y. and Rubio, F. and Pena, R.},
  title = {Analyzing the influence of mixed evaluation on the performance of Eden skeletons},
  year = {2002},
}

@misc{marko2,
  author = {Markowitz, H.},
  title = {Portfolio Selection-Efficient Diversification of Investments},
  year = {1959}
}

@misc{non-dist,
  author = {Billio M.},
  title = {Simulation Based Methods for Financial Time Series},
  year = {2002}
}

@misc{random,
  author = {Park, S.K. and Miller, K.W.},
  title = {Random number generators - good ones are hard to find},
  year = {1988},
  month = {October}
}

@misc{dynamic_inertia,
  author = {Alfi, Alireza},
  title = {PARTICLE SWARM OPTIMIZATION ALGORITHM WITH DYNAMIC INERTIA WEIGHT FOR ONLINE PARAMETER IDENTIFICATION APPLIED TO LORENZ CHAOTIC SYSTEM},
  year = {2010},
  month = {April}
}


@Article{two_sided_risk,
  author={Chen, Zhiping and Wang, Yi},
  title={{Two-sided coherent risk measures and their application in realistic portfolio optimization}},
  journal={Journal of Banking \& Finance},
  year={2008},
  volume={32},
  number={12},
  pages={2667-2673},
  month={December},}

@INPROCEEDINGS{crit, 
  author={Szego, G}, 
  booktitle={Journal of Operational Research}, 
  title={Measure of Risk}, 
  year={2005},
  volume={163}, 
  pages={5-19},
}

@INPROCEEDINGS{crit2, 
  author={Breen, W.}, 
  title={Specific Versus General Models of Portfolio Selection}, 
  booktitle={Oxford Economic Papers}, 
  year={1968},
  volume={36}, 
  pages={361-368},
}

@INPROCEEDINGS{crit3, 
  author={Fekdstein, M. S.}, 
  title={Mean-Variance Analysis in the Theory of Liquidity Preference of Portfolio Selection}, 
  booktitle={Review of Economic Studies}, 
  year={1969},
  volume={36}, 
  pages={5-12},
}

@INPROCEEDINGS{lazy, 
  author={Jones, L.P. and Hughes, J.}, 
  title={Report on the programming language Haskell 98}, 
  booktitle={Tech. Rep.}, 
  year={1999},
}


@INPROCEEDINGS{constriction_factor, 
  author={Clerc, M.}, 
  booktitle={Evolutionary Computation, 1999. CEC 99. Proceedings of the 1999 Congress on}, 
  title={The swarm and the queen: towards a deterministic and adaptive particle swarm optimization}, 
  year={1999},
  volume={3}, 
  pages={-1957 Vol. 3},
}

@misc{constriction_factor_2,
  author = {Lim, Shi and Montakhab, Mohammad},
  title = {A CONSTRICTION FACTOR BASED PARTICLE SWARM OPTIMIZATION FOR ECONOMIC DISPATCH},
  year = {2009}
}

@misc{constriction_factor_3,
  author = {Pedersen, M.E.H.},
  title = {Tuning \& Simplifying Heuristical Optimization},
  year = {2010}
}

@misc{inertia,
  author = {Bansal, J.C. and All, Et.},
  title = {Inertia Weight Strategies in Particle Swarm Optimization},
}

@INPROCEEDINGS{constriction_factor_4, 
  author={Clerc, M. and Kennedy, J.}, 
  title={The Particle Swarm: Explosion, Stability, and Convergencein a Multi-Dimensional Complex Space.}, 
  year={2002},
}

@INPROCEEDINGS{marko1,
  author={Markowitz, H.}, 
  booktitle={Journal of Finance}, 
  title={Portfolio Selection}, 
  year={1952}, 
  month={March}, 
  volume={1}, 
  pages={77-91}, 
}

@INPROCEEDINGS{localmin,
  author={Yao, X. and Liu Y. and Lin G.}, 
  booktitle={Evolutionary Computation}, 
  title={Evolutionary programming made faster}, 
  year={1999}, 
  volume={3}, 
  pages={82-102}, 
}

@INPROCEEDINGS{pso_app, 
author={Shahamatnia, E. and Ebadzadeh, M.-M.}, 
booktitle={Computational Intelligence In Medical Imaging (CIMI), 2011 IEEE Third International Workshop On}, 
title={Application of particle swarm optimization and snake model hybrid on medical imaging}, 
year={2011}, 
month={April}, 
pages={1-8},}

@INPROCEEDINGS{pso_app2, 
author={Wei Hongkai and Pingbo, Wang and Cai Zhiming and Chen Baozhu and Yao Wanjun}, 
booktitle={Image Analysis and Signal Processing (IASP), 2010 International Conference on}, 
title={Application of particle swarm optimization method in fractional Fourier transform}, 
year={2010}, 
month={April}, 
pages={442-445},}

@INPROCEEDINGS{pso_app3, 
author={Qingnian Wang and Kun Yan and Xiaofeng Wan and Meiling Yuan}, 
booktitle={Information Assurance and Security, 2009. IAS '09. Fifth International Conference on}, 
title={Application of Particle Swarm Optimization in Fussy Neural Networks}, 
year={2009}, 
month={Aug}, 
volume={1}, 
pages={158-161},}

@INPROCEEDINGS{pso_app_main, 
author={Poli, R.}, 
booktitle={Technical Report CSM-469 (Department of Computer Science, University of Essex, UKI}, 
title={An Analysis of Publications on Particle Swarm Optimisation Applications}, 
year={207}, 
month={May},}

@INPROCEEDINGS{pso,
  author={Kennedy, J. and Eberhart, R.}, 
  booktitle={Neural Networks, 1995. Proceedings., IEEE International Conference on}, 
  title={Particle swarm optimization}, 
  year={1995}, 
  month={Nov}, 
  volume={4}, 
  pages={1942-1948 vol.4}, 
  doi={10.1109/ICNN.1995.488968},
}

@INPROCEEDINGS{pso2, 
  author={Yuhui Shi and Eberhart, R.}, 
  booktitle={Evolutionary Computation Proceedings, 1998. IEEE World Congress on Computational Intelligence.}, 
  title={A modified particle swarm optimizer}, 
  year={1998}, 
  month={May}, 
  pages={69-73}, 
  doi={10.1109/ICEC.1998.699146},
}

@ARTICLE{pso3, 
  author={Clerc, M. and Kennedy, J.}, 
  journal={Evolutionary Computation, IEEE Transactions on}, 
  title={The particle swarm - explosion, stability, and convergence in a multidimensional complex space}, 
  year={2002}, 
  month={Feb}, 
  pages={58-73}, 
  doi={10.1109/4235.985692}, 
}

@ARTICLE{pso4, 
  author={Parsopoulos, K.E. and Vrahatis, M.N.}, 
  journal={Evolutionary Computation, IEEE Transactions on}, 
  title={Recent approaches to global optimization problems through particle swarm optimization}, 
  year={2002}, 
  pages={235-306}, 
  volume={1},
}

