@misc{ turner1,
       author = "Turner,Steve ",
       title = "First- and Second-Trimester Fetal Size and Asthma Outcomes at Age 10 Years",
       year = "2011" }

@misc{ turner2,
       author = "Turner,Steve and Prabhu,Nanda and Danielian,Peter and McNeill,Geraldine",
       title = "Perinatal Programming of Childhood Asthma: Early Fetal Size, Growth Trajectory during Infancy, and Childhood Asthma Outcomes",
       year = "2011" }

@misc{ turner3,
       author = "Turner,Steve and Devereux,Graham",
       title = "Fetal Ultrasound: Shedding Light or Casting Shadows on the Fetal Origins of Airway Disease",
       year = "2012" }

@misc{ turner4,
       author = "Willers ,SM and Devereux, G and Craig, LC and McNeill, G and Wijga, AH and Abou El-Magd, W and Turner, S and Helms, PJ and Seaton, A",
       title = "Maternal food consumption during pregnancy and asthma, respiratory and atopic symptoms in 5-year-old children.",
       year = "2007" }

@misc{ turner5,
       author = "Turner,S and Devereux,G and Campbell, D and  Smith, N and Craig, LC and McNeill, G and Forbes, SH",
       title = "Associations between fetal size, maternal {alpha}-tocopherol and childhood asthma.",
       year = "2010" }

@misc{ saudi,
       author = {AlMakoshi, Amel and Ellahi, Awaiss and Sallout, Bala and Devereux, Graham and Turner, Steve},
       title = "Fetal growth trajectory and risk for eczema in a Saudi population",
       year = {2015}}

@misc{ generation-r1,
       author = "PhD thesis Dr. Agnes Sonnenschein-van der Voort",
       title = "Fetal and infant origins of childhood asthma",
       year = "2014" }

@misc{ generation-r2,
       author = "PhD thesis Dr. Esther Hafkamp-de Groen",
       title = "Asthma symptoms in early childhood: a public health perspective",
       year = "2014" }

@misc{ luccia1,
       author = "Bochicchio Mario, Vaira Lucia, Longo Antonella, Malvasi Antonio, Tinelli Andrea",
       title = "FPGT: An Online System for Customized Fetal and Pediatric Growth Tracking",
       year = "2014" }

@misc{ luccia2,
       author = "Andrea Tinelli, Mario Alessandro Bochicchio, Lucia Vaira, Antonio Malvasi",
       title = "Ultrasonographic Fetal Growth Charts: An Informatic Approach by Quantitative Analysis of the Impact of Ethnicity on Diagnoses Based on a Preliminary Report on Salentinian Population",
       year = "2014" }

@misc{ luccia3,
       author = "Vaira,Luccia",
       title = "Quantitative Fetal Growth Curves Comparison: a Collaborative Approach",
       year = "2014" }

@misc{ luccia4,
       author = "Vaira, Luccia and Bochicchio,Mario",
       title = "Are static fetal growth charts still suitable for diagnostic purposes?",
       year = "2014" }

@misc{ imp,
       author = "Gelman, Andrew and Hill, Jennifer",
       title = "Data analysis using regression and multilevel/hierarchical models",
       year = "2006"
}

@misc{ imp-default,
       author = "Hastie, Trevor and Tibshirani, Robert and Narasinhan, Balasubramanian and Chu, Gilbert",
       title = "impute: Imputation for microarray data",
       year = "2015" }

@misc{ imp-mean,
       author = "Gelman,Andrew and Hill, Jennifer",
       title = "Data Analysis Using Regression and Multilevel/Hierarchical Models",
       year = "" }

@misc{ imp-mi,
       author = "Gelman,Andrew and Hill,Jennifer and Su, Yu-Sung",
       title = "Missing Data Imputation and Model Checking",
       year = "2015" }

@misc{ imp-mice,
       author = "van Buuren,Stef and Groothuis,Karin and Robitzsch,ALexander",
       title = "Multivariate Imputation by Chain Equations",
       year = "2015" }

@misc{ cluster,
       author = "Bailey, Kennedy",
       title = "Numerical Taxonomy and Cluster Analysis",
       year = "1994" }

@misc{ cluster-val,
       author = "Jain, A. and Dubes, R.",
       title = "ALgorithms for clustering data",
       year = "1988" }

@misc{ clust-cluster,
       author = "Maecchler,Martin and Rousseeruw, Peter",
       title = "Cluster Analysis Extended",
       year = "2015" }

@misc{ clust-cclust,
       author = "Dimitriadou, Evgenia and Hornik,Kurt",
       title = "Convex Clustering Methods and Clustering Indexes",
       year = "2015" }

@misc{ clust-fclust,
       author = "Giordani,Paolo and Ferraro,Maria",
       title = "Fuzzy Clustering",
       year = "2015" }

@misc{ clust-mclust,
       author = "Fraley,Chris and Raftery,Adrian E. and Scrucca,Luca",
       title = "Normal Mixture Modelling for Model-Based Clustering",
       year = "2015" }

@misc{ R,
       howpublished = {\url{http://www.r-project.org/}},
       author = "R Development Core Team",
       title = "The R Project for Statistical Computing",
       year = "1993",
       note = {Accessed: 10 May 2015} }

@misc{ cran,
       howpublished = {\url{http://cran.r-project.org/}},
       author = "R Development Core Team",
       title = "The Comprehensive R Archive Network",
       year = "1993",
       note = {Accessed: 10 May 2015} }

@misc{ acero,
       howpublished = {\url{http://www.abdn.ac.uk/acero/symposia/symp15/}},
       author = "ACERO team",
       title = "Aberdeen Centre for Energy Regulation and Obesity",
       year = "2015",
       note = {Accessed: 13 May 2015} }

@misc{ farr,
       howpublished = {\url{http://farrinstandrews.org/}},
       author = "FARR Research Team",
       title = "The FARR Institute of Health Informatics Research",
       year = "2015",
       note = {Accessed: 13 May 2015} }

@misc{ farr-phd,
       howpublished = {\url{http://www.farrinstitute.org/events/82/2015-06-09/the-farr-institute-phd-symposium-2015.html}},
       author = "FARR Research Team",
       title = "The FARR Institute of Health Informatics Research",
       year = "2015",
       note = {Accessed: 13 May 2015} }

@misc{ lm,
       howpublished = {\url{}},
       author = "R Development Core Team",
       title = "The R Project for Statistical Computing",
       year = "1993",
       note = {Accessed: 14 May 2015} }

@misc{ lme4,
       howpublished = {\url{http://cran.r-project.org/web/packages/lme4/}},
       author = "Bates, Douglas and Maechler, Martin and Bolker, Ben",
       title = "Linear mixed-effects models using Eigen and S4",
       year = "2015",
       note = {Accessed: 14 May 2015} }

@misc{ lavaan,
       howpublished = {\url{http://cran.r-project.org/web/packages/lavaan/}},
       author = "Rosseel, Yves and Oberski, Dan and Byrnes, Jarrett",
       title = "Latent Variable Analysis",
       year = "2015",
       note = {Accessed: 14 May 2015} }

@misc{ coursera,
       howpublished = {\url{https://www.coursera.org/}},
       author = "COURSERA team",
       title = "COURSERA Online Courses",
       year = "2015",
       note = {Accessed: 18 May 2015} }

@misc{ pac,
       howpublished = {\url{http://www.nhsnss.org/pages/corporate/about_pac.php}},
       author = "NHSNSS",
       title = "PAC Application Process",
       year = "2015",
       note = {Accessed: 24 May 2015} }

@misc{ ,
       author = "",
       title = "",
       year = "" }

@misc{ ,
       author = "",
       title = "",
       year = "" }

@misc{ ,
       author = "",
       title = "",
       year = "" }











