@article{epi1,
    author  = "Branum, Amy M. and Parker, Jennifer D. and Keim Sarah A. and Schempf Ashley H. ",
    title   = "Prepregnancy Body Mass Index and Gestational Weight Gain in Relation to Child Body Mass Index Among Siblings",
    year    = "2011",
    journal = "American Journal of Epidemiology",
    volume  = "174",
    number  = "10",
    pages   = "1159-1165"
}

@article{systematic1,
    author  = "Karahalios, Amalia and Baglietto, Laura and Carlin, John B and English, Dallas R and Simpson, Julie A ",
    title   = "A review of the reporting and handling of missing data in cohort studies with repeated assessment of exposure measures",
    year    = "2012",
    journal = "BMC Medical Research Methodology",
    doi     = "10.1186/1471-2288-12-96"
}

@article{systematic2,
    author  = "Masconi, Katya L and Matsha, Tandi E and Echouffo-Tcheugui, Justin B  and Erasmus, Rajiv T and Kengnecorresponding, Andre P",
    title   = "Reporting and handling of missing data in predictive research for prevalent undiagnosed type 2 diabetes mellitus: a systematic review",
    year    = "2015",
    journal = "The EPMA Journal",
    doi     = "10.1186/s13167-015-0028-0"
}

@article{systematic3,
    author  = "Tooth, Leigh and Ware, Robert and Bain, Chris and Purdie, David M. and Dobson, Annette",
    title   = "Quality of Reporting of Observational Longitudinal Research",
    year    = "2005",
    journal = "PRACTICE OF EPIDEMIOLOGY",
    doi     = "10.1093/aje/kwi042"
}

@article{impact,
    author  = "Karahalios, Amalia and Baglietto, Laura and Lee, Katherine J and English, Dallas R and Simpson, Carlin, John B and Julie A ",
    title   = "The impact of missing data on analyses of a time-dependent exposure in a longitudinal cohort: a simulation study",
    year    = "2013",
    journal = "Emerging Themes in Epidemiology",
    doi     = "10.1186/1742-7622-10-6"
}

@inproceedings{rountine-missing,
  author    = {Ana S. Fernandes and
               Ian H. Jarman and
               Terence A. Etchells and
               Jos{\'{e}} Manuel Fonseca and
               Elia Biganzoli and
               Chris Bajdik and
               Paulo J. G. Lisboa},
  title     = {Stratification Methodologies for Neural Networks Models of Survival},
  booktitle = {Bio-Inspired Systems: Computational and Ambient Intelligence, 10th
               International Work-Conference on Artificial Neural Networks, {IWANN}
               2009, Salamanca, Spain, June 10-12, 2009. Proceedings, Part {I}},
  pages     = {989--996},
  year      = {2009},
  doi       = {10.1007/978-3-642-02478-8_124}
}

@article{careful,
    author  = "Ghazanfar,Mustansar Ali and Prugel-Bennett,Adam",
    title   = "The Advantage of Careful Imputation Sources in Sparse Data-Environment of Recommender Systems: Generating Improved SVD-based Recommendations",
    year    = "(2013)",
    journal = "Informatica",
    volume  = "37",
    number  = "37",
    pages   = "61–92"
}

@article{bigData,
	author = "ScienceDaily",
	title = "Big Data, for better or worse.",
	year = "2013 (accessed: January 18, 2016)",
	note   = {\url{http://www.sciencedaily.com/releases/2013/05/130522085217.htm}},
}

@article{reason,
    author = "The Analysis Factor",
    title = "Missing Data Mechanisms: A Primer.",
    year = "2013 (accessed: February 22, 2016)",
    note   = {\url{http://www.theanalysisfactor.com/causes-of-missing-data/}},
}

@article{missing1,
    author  = "Pigott, Therese D.",
    title   = "A Review of Methods for Missing Data",
    year    = "2001",
    journal = "Educational Research and Evaluation",
    volume  = "7",
    number  = "4",
    pages   = ". 353-383"

}

@article{missing2,
    author  = "Rubin,Donald B.",
    title   = "AN OVERVIEW OF MULTIPLE IMPUTATION",
}

@article{missing3,
    author  = "Cock,Alan C.",
    title   = "Working With Missing Values",
    year    = "2005",
    journal = "Journal of Marriage and Family",
    volume  = "174",
    number  = "67",
    pages   = "1012–1028"
}

@article{compare,
    author  = "Shah,Anoop D. and Bartlett, Jonathan W.",
    title   = "Comparison of parametric and Random Forest MICE in imputation of missing data in survival analysis",
    year    = "2014",
}


@Article{mice,
    title = {{mice}: Multivariate Imputation by Chained Equations in R},
    author = {Stef {van Buuren} and Karin Groothuis-Oudshoorn},
    journal = {Journal of Statistical Software},
    year = {2011},
    volume = {45},
    number = {3},
    pages = {1--67},
    note = "\url{http://www.jstatsoft.org/v45/i03/}",
}

@Manual{r,
    title = {R: A Language and Environment for Statistical Computing},
    author = {{R Development Core Team}},
    organization = {R Foundation for Statistical Computing},
    address = {Vienna, Austria},
    year = {2008},
    note = {{ISBN} 3-900051-07-0 \url{http://www.R-project.org}},
}

@Manual{spss,
    title = {SPSS Statistics for Windows, Version 17.0.},
    author = {SPSS Inc},
    organization = {Chicago: SPSS Inc},
    year = {2008},
    note = {\url{http://www-01.ibm.com/software/uk/analytics/spss}},
}

@book{gelman2007data,
  title={Data Analysis Using Regression and Multilevel/Hierarchical Models},
  author={Gelman, A. and Hill, J.},
  year={2007},
  publisher={Cambridge University Press}
}







